% This file was created with JabRef 2.10.
% Encoding: ISO8859_1


@InBook{fankhauser:2009:softwaretechnik-security,
  title = {Softwaretechnik - Mit Fallbeispielen aus realen Entwicklungsprojekten},
  author = {Fankhauser, Florian and Schanes, Christian and Brem, Christian},
  chapter = {13},
  pages = {589--646},
  publisher = {Pearson Studium},
  year = {2009},

  address = {M{\"u}nchen},
  edition = {1},

  bibsource = {esse},
  url = {http://www.inso.tuwien.ac.at/publications/softwaretechnik/},
  urldate = {2017-01-16}
}

@Online{oasis:2010:homepage,
  title = {Organization for the advancement of structured information standards},
  author = {Oasis},
  url = {http://www.oasis-open.org},
  urldate = {2017-01-16},
  year = {2010}
}

@Article{schanes:2011:voip-fuzzer,
  title = {Security Test Approach for Automated Detection of Vulnerabilities of SIP-based VoIP Softphones},
  author = {Schanes, Christian and Taber, Stefan and Popp, Karin and Fankhauser, Florian and Grechenig, Thomas},
  journal = {International Journal On Advances in Security},
  year = {2011},

  month = sep,
  number = {1 and 2},
  pages = {95--105},
  volume = {4},

  abstract = {Voice over Internet Protocol based systems replace phone lines in many scenarios and are in wide use today. Automated security tests of such systems are required to detect implementation and configuration mistakes early and in an efficient way. In this paper we present a plugin for our fuzzer framework fuzzolution to automatically detect security vulnerabilities in Session Initiation Protocol based Voice over Internet Protocol softphones, which are examples for endpoints in such telephone systems. The presented approach automates the interaction with the Graphical User Interface of the softphones during test execution and also observes the behavior of the softphones using multiple metrics. Results of testing two open source softphones by using our fuzzer showed that various unknown vulnerabilities could be identified with the implemented plugin for our fuzzing framework.},
  bibsource = {esse},
  booktitle = {International Journal On Advances in Security, volume 4, numbers 1 and 2, 2011},
  keywords = {ESSE, Software testing; Computer network security; Graphical user interfaces; Internet telephony; Fuzzing},
  publisher = {IEEE Computer Society Press},
  url = {http://www.iariajournals.org/security/tocv4n12.html},
  urldate = {2017-01-16}
}

@article{Oster:2006:DataconsistencyforP2Pcollaborativeediting,
	Author = {G{\'e}rald Oster, Pascal Urso, Pascal Molli, Abdessamad Imine},
	Date-Added = {2019-03-12 10:27:48 +0000},
	Date-Modified = {2019-03-12 10:30:06 +0000},
	Journal = {ACM New York, NY, USA {\copyright}2006},
	Title = {Data consistency for P2P collaborative editing},
	Year = {2006}}

@article{BriotUrsoShapiro:2016:HighResponsivenessGroupEditing,
	Author = {Lo{\"\i}ck Briot, Pascal Urso, Marc Shapiro},
	Date-Added = {2019-03-12 10:21:01 +0000},
	Date-Modified = {2019-03-12 10:30:28 +0000},
	Journal = {ACM New York, NY, USA {\copyright}2016},
	Title = {High Responsiveness for Group Editing CRDTs},
	Year = {2016},
	Bdsk-File-1 = {YnBsaXN0MDDUAQIDBAUGJCVYJHZlcnNpb25YJG9iamVjdHNZJGFyY2hpdmVyVCR0b3ASAAGGoKgHCBMUFRYaIVUkbnVsbNMJCgsMDxJXTlMua2V5c1pOUy5vYmplY3RzViRjbGFzc6INDoACgAOiEBGABIAFgAdccmVsYXRpdmVQYXRoWWFsaWFzRGF0YV8QFHBhcGVycy9wNTEtYnJpb3QucGRm0hcLGBlXTlMuZGF0YU8RAYgAAAAAAYgAAgAADE1hY2ludG9zaCBIRAAAAAAAAAAAAAAAAAAAAAAAAABCRAAB/////w1wNTEtYnJpb3QucGRmAAAAAAAAAAAAAAAAAAAAAAAAAAAAAAAAAAAAAAAAAAAAAAAAAAAAAAAAAAAAAAAAAAD/////AAAAAAAAAAAAAAAAAAEAAwAACiBjdQAAAAAAAAAAAAAAAAAGcGFwZXJzAAIASi86VXNlcnM6c3RlZmFuZ3Vzc25lcjpQMlBDbG91ZDpTdHVkaXVtOkJhY2hlbG9yYXJiZWl0OnBhcGVyczpwNTEtYnJpb3QucGRmAA4AHAANAHAANQAxAC0AYgByAGkAbwB0AC4AcABkAGYADwAaAAwATQBhAGMAaQBuAHQAbwBzAGgAIABIAEQAEgBIVXNlcnMvc3RlZmFuZ3Vzc25lci9QMlBDbG91ZC9TdHVkaXVtL0JhY2hlbG9yYXJiZWl0L3BhcGVycy9wNTEtYnJpb3QucGRmABMAAS8AABUAAgAU//8AAIAG0hscHR5aJGNsYXNzbmFtZVgkY2xhc3Nlc11OU011dGFibGVEYXRhox0fIFZOU0RhdGFYTlNPYmplY3TSGxwiI1xOU0RpY3Rpb25hcnmiIiBfEA9OU0tleWVkQXJjaGl2ZXLRJidUcm9vdIABAAgAEQAaACMALQAyADcAQABGAE0AVQBgAGcAagBsAG4AcQBzAHUAdwCEAI4ApQCqALICPgJAAkUCUAJZAmcCawJyAnsCgAKNApACogKlAqoAAAAAAAACAQAAAAAAAAAoAAAAAAAAAAAAAAAAAAACrA==}}

@article{YuWeihai:2014,
	Author = {G{\'e}rald Oster, Pascal Urso, Pascal Molli, Abdessamad Imine},
	Date-Added = {2019-03-11 15:08:56 +0000},
	Date-Modified = {2019-03-11 15:13:16 +0000},
	Journal = {ACM New York, NY, USA {\copyright}2006},
	Title = {Supporting String-Wise Operations and Selective Undo for Peer-to-Peer Group Editing},
	Year = {2014},
	Bdsk-File-1 = {YnBsaXN0MDDUAQIDBAUGJCVYJHZlcnNpb25YJG9iamVjdHNZJGFyY2hpdmVyVCR0b3ASAAGGoKgHCBMUFRYaIVUkbnVsbNMJCgsMDxJXTlMua2V5c1pOUy5vYmplY3RzViRjbGFzc6INDoACgAOiEBGABIAFgAdccmVsYXRpdmVQYXRoWWFsaWFzRGF0YV8QEnBhcGVycy9wMjI2LXl1LnBkZtIXCxgZV05TLmRhdGFPEQGAAAAAAAGAAAIAAAxNYWNpbnRvc2ggSEQAAAAAAAAAAAAAAAAAAAAAAAAAQkQAAf////8LcDIyNi15dS5wZGYAAAAAAAAAAAAAAAAAAAAAAAAAAAAAAAAAAAAAAAAAAAAAAAAAAAAAAAAAAAAAAAAAAAAA/////wAAAAAAAAAAAAAAAAABAAMAAAogY3UAAAAAAAAAAAAAAAAABnBhcGVycwACAEgvOlVzZXJzOnN0ZWZhbmd1c3NuZXI6UDJQQ2xvdWQ6U3R1ZGl1bTpCYWNoZWxvcmFyYmVpdDpwYXBlcnM6cDIyNi15dS5wZGYADgAYAAsAcAAyADIANgAtAHkAdQAuAHAAZABmAA8AGgAMAE0AYQBjAGkAbgB0AG8AcwBoACAASABEABIARlVzZXJzL3N0ZWZhbmd1c3NuZXIvUDJQQ2xvdWQvU3R1ZGl1bS9CYWNoZWxvcmFyYmVpdC9wYXBlcnMvcDIyNi15dS5wZGYAEwABLwAAFQACABT//wAAgAbSGxwdHlokY2xhc3NuYW1lWCRjbGFzc2VzXU5TTXV0YWJsZURhdGGjHR8gVk5TRGF0YVhOU09iamVjdNIbHCIjXE5TRGljdGlvbmFyeaIiIF8QD05TS2V5ZWRBcmNoaXZlctEmJ1Ryb290gAEACAARABoAIwAtADIANwBAAEYATQBVAGAAZwBqAGwAbgBxAHMAdQB3AIQAjgCjAKgAsAI0AjYCOwJGAk8CXQJhAmgCcQJ2AoMChgKYApsCoAAAAAAAAAIBAAAAAAAAACgAAAAAAAAAAAAAAAAAAAKi}}


@article{AlwisSillito:2009:centralToDecentralVCS,
	Author = {Brian de Alwis, Jonathan Sillito},
	Date-Added = {2019-03-14 16:40:43 +0100},
	Date-Modified = {2019-03-14 16:55:39 +0100},
	Journal = {2009 ICSE Workshop on Cooperative and Human Aspects on Software Engineering},
	Pages = {38},
	Title = {Why are software projects moving from centralized to decentralized version control systems?},
	Year = {2009},
	Bdsk-File-1 = {YnBsaXN0MDDSAQIDBFxyZWxhdGl2ZVBhdGhZYWxpYXNEYXRhXxATcGFwZXJzLzA1MDcxNDA4LnBkZk8RAYYAAAAAAYYAAgAADE1hY2ludG9zaCBIRAAAAAAAAAAAAAAAAAAAAAAAAABCRAAB/////wwwNTA3MTQwOC5wZGYAAAAAAAAAAAAAAAAAAAAAAAAAAAAAAAAAAAAAAAAAAAAAAAAAAAAAAAAAAAAAAAAAAAD/////AAAAAAAAAAAAAAAAAAEAAwAACiBjdQAAAAAAAAAAAAAAAAAGcGFwZXJzAAIASS86VXNlcnM6c3RlZmFuZ3Vzc25lcjpQMlBDbG91ZDpTdHVkaXVtOkJhY2hlbG9yYXJiZWl0OnBhcGVyczowNTA3MTQwOC5wZGYAAA4AGgAMADAANQAwADcAMQA0ADAAOAAuAHAAZABmAA8AGgAMAE0AYQBjAGkAbgB0AG8AcwBoACAASABEABIAR1VzZXJzL3N0ZWZhbmd1c3NuZXIvUDJQQ2xvdWQvU3R1ZGl1bS9CYWNoZWxvcmFyYmVpdC9wYXBlcnMvMDUwNzE0MDgucGRmAAATAAEvAAAVAAIAFP//AAAACAANABoAJAA6AAAAAAAAAgEAAAAAAAAABQAAAAAAAAAAAAAAAAAAAcQ=}}

